% BIBLIOGRAPHY %

% online quellen, Praesentationen, Slides: misc
% einfache Artikel, Journal-Artikel: article
% alle Buecher: book
% Handbuecher, Docs: manual

% BOOKS
% pages = "175-191"
@book{dockerBook,
  title  = "The Docker Book",
  author = "James Turnbull",
  year   = "2014",
  month  = "September",
  edition = "1.2.0"
}

% Maybe insert "IT Nordic Conference Paper" here
@conference{nordicITConf,
  author = "",
  editor = "",
  title = "",
  booktitle = "",
  year = "",
  packages = "",
  month = "",
  organization = "",
  publisher = ""
}

$ ARTICLES (auch Papers hier?)
@article{containerVirtPerformance,
  title  = "Performance Evaluation of Container-based Virtualization for High Performance Computing Environements",
  author = "Miguel G. Xavier and Marcelo V. Neves and Fabio D. Rossi and Tiago C. Ferreto and Timoteo Lange and Cesar A. F. De Rose",
  journal    = "IEEE PDP 2013",
  year   = "2012"
}

@article{dockerIntroIEEE,
  title = "Docker",
  author = "Charles Anderson",
  journal = "IEEE Software",
  year = "2015"
}

@article{dockerLXCKub,
  title   = "Containers and Cloud: From LXC to Docker to Kubnernetes",
  author  = "David Bernstein",
  journal = "IEEE Cloud Computing",
  month   = "September",
  year    = "2014"
}

@article{virtVSContainer,
  title   = "Virtualization vs Containerization to support PaaS",
  author  = "Rajdeep Duo and A Reddy Raja and Dharmesh Kakadia",
  journal = "IEEE International Conference on Cloud Engineering",
  year    = "2014"
}

@article{dockerLXCKub,
  title   = "Containers and Cloud: From LXC to Docker to Kubernetes",
  author  = "David Bernstein",
  journal = "IEEE Cloud Computing - Cloud Tidbits Column",
  month   = "September",
  year    = "2014"
}

% TECHREPORTS
@techreport{dockerMAC,
  title       = "DockerPolicyModules: Mandatory Access Control for Docker Containers",
  author      = "Enrico Bacis and Simone Mutti and Steven Capelli and Stefano Paraboschi",
  institution = "DIGIP, University of Bergamo, Italy",
  year        = "2015"
}

@techreport{dockerSec1,
  title       = "Analysis of Docker Security",
  author      = "Thanh Bui",
  institution = "Aalto Univerity School of Science",
  month       = "January",
  year        = "2015"
}

% extracted from Nordic IT Security Conference PDF (virtSec....pdf)
@techreport{dockerSec2,
  title       = "Security of OS-Level virtualization technologies",
  author      = "Elena Reshetova and Janne Karhunen and Thomas Nyman and N. Asokan",
  institution = "Intel OTC Finland, Ericsson Finland, Univerisity of Helsinki, Aalto Univeristy Finland",
  month       = "July",
  year        = "2014"
}

@techreport{IBMcontVMcomparison,
  title       = "IBM Research Report - An Updated Performance Comparison of Virtual Machines and Linux Containers",
  author      = "Wes Felter and Alexandre Ferreira and Ram Rajamony and Juan Rubio",
  institution = "IBM Research Divison - Austin Research Laboratory",
  month       = "July",
  year        = "2014"
}


% MANUAL (Handbücher,...)
@manual{bsiVirt,
  title       = "IT-Grundschutz-Katalog B 3.304 Virtualisierung",
  author      = "Bundesamt für Sicherheit in der Informationstechnik",
  year        = "2011"
}


% MISC (presentations, BSI info sheet)
@misc{dockerSecIntro,
  title = "Introduction to Docker Security",
  author = "Docker",
  year = "2015",
  month = "March",
  howpublished = "über Website \url{https://www.docker.com/sites/default/files/WP_Intro%20to%20container%20security_03.20.2015%20%281%29.pdf} , aufgerufen am 18.01.2016"
}

@misc{presContainerDockerSec,
  title = "Containers, Docker, and Security: State of the Union",
  author = "Jérôme Petazzoni",
  year = "2015",
  month = "October",
  howpublished = "über Website \url{http://de.slideshare.net/jpetazzo/containers-docker-and-security-state-of-the-union-bay-area-infracoders-meetup} , aufgerufen am 22.12.2015"
}

@misc{bsiVirtGoldeneRegeln,
  title = "Goldene Regeln Baustein B 3.304 Virtualisierung",
  author = "Bundesamt für Sicherheit in der Informationstechnik",
  year = "2011",
  howpublished = "über Website \url{https://www.bsi.bund.de/SharedDocs/Downloads/DE/BSI/Grundschutz/Download/IT-GS-Bausteine/Virtualisierung/Goldene-Regeln-Virtualisierung.pdf?__blob=publicationFile} , aufgerufen am 22.12.2015"
}

@misc{githubDocker,
  title = "GitHub Repository der Docker Engine",
  howpublished = "über Website \url{https://github.com/docker/docker} , aufgerufen am 11.01.2016"
}

@misc{githubRunCCgroups,
  title = "GitHub Repository der Cgroups-Implementierung von runC",
  howpublished = "über Website \url{https://github.com/opencontainers/runc/tree/master/libcontainer/cgroups/fs} , aufgerufen am 27.01.2016"
}

@misc{githubDockerChangelog,
  title = "GitHub Repository Changelog von Docker",
  howpublished = "über Website \url{https://github.com/docker/docker/blob/master/CHANGELOG.md} , aufgerufen am 18.01.2016"
}

@misc{githubDockerGlossary,
  title = "GitHub Repository Glossar von Docker",
  howpublished = "über Website \url{https://github.com/docker/distribution/blob/master/docs/glossary.md} , aufgerufen am 21.01.2016"
}

@misc{dockerLibcontainer,
  title = "Docker 0.9: Introducing execution drivers and libcontainer",
  howpublished = "über Website \url{https://blog.docker.com/2014/03/docker-0-9-introducing-execution-drivers-and-libcontainer/} , aufgerufen am 21.01.2016"
}

@misc{dockerOCP,
  title = "Docker and Broad Industry Coalition Unite to Create Open Container Project",
  howpublished = "über Website \url{http://blog.docker.com/2015/06/open-container-project-foundation/} , aufgerufen am 21.01.2016"
}

@misc{runC,
  title = "Homepage von \emph{runC}",
  howpublished = "über Website \url{https://runc.io/} , aufgerufen am 21.01.2016"
}

@misc{dockerRunC,
  title = "Introducing runC: a lightweight universal container runtime",
  howpublished = "über Website \url{http://blog.docker.com/2015/06/runc/} , aufgerufen am 21.01.2016"
}

@misc{dockerRunCGithub,
  title = "GitHub Repository von \emph{runC}",
  howpublished = "über Website \url{https://github.com/opencontainers/runc} , aufgerufen am 21.01.2016"
}

@misc{dockerWindowsSupport,
  title = "Introducing the Technical Preview of Docker Engine for Windows Server 2016",
  author = "Arnaud Porterie",
  year = "2015",
  howpublished = "über Website \url{https://blog.docker.com/2015/08/tp-docker-engine-windows-server-2016/} , aufgerufen am 22.01.2016"
}

@misc{slideshareDockercon15,
  title = "Slides of Keynote at DockerCon in San Francisco - Day 2",
  howpublished = "über Website \url{de.slideshare.net/Docker/dockercon-15-keynote-day-2/16} , aufgerufen am 11.01.2016"
}

@misc{amazonWebServices,
  title = "Amazon Web Services",
  howpublished = "über Website \url{https://aws.amazon.com/de/} , aufgerufen am 14.01.2016"
}

@misc{openvz,
  title = "Homepage OpenVZ",
  howpublished = "über Website \url{http://openvz.org/Main_Page} , aufgerufen am 18.01.2016"
}

@misc{xen,
  title = "Homepage des Xen Hypervisors",
  howpublished = "über Website \url{http://www.xenproject.org/} , aufgerufen am 18.01.2016"
}

@misc{vmwareESXi,
  title = "Homepage des Vmware ESXi Hypervisors",
  howpublished = "über Website \url{https://www.vmware.com/de/products/esxi-and-esx/overview} , aufgerufen am 18.01.2016"
}

@misc{kvm,
  title = "Homepage des KVM Hypervisors und Virtualisierungslösung",
  howpublished = "über Website \url{http://www.linux-kvm.org/page/Main_Page} , aufgerufen am 18.01.2016"
}

@misc{hyperv,
  title = "Überblick Hyper-V Hypervisor von Microsoft",
  howpublished = "über Website \url{https://technet.microsoft.com/library/hh831531.aspx} , aufgerufen am 18.01.2016"
}

@misc{chroot,
  title = "Linux manual page \texttt{chroot}",
  howpublished = "über Website \url{https://www.freebsd.org/doc/de_DE.ISO8859-1/books/handbook/jails-intro.html} , aufgerufen am 18.01.2016"
}

@misc{jails,
  title = "\emph{FreeBSD} Einführung in \emph{Jails}",
  howpublished = "über Website \url{https://www.freebsd.org/doc/de_DE.ISO8859-1/books/handbook/jails-intro.html} , aufgerufen am 18.01.2016"
}

@misc{jailsReleasenotes,
  title = "Release Notes von \emph{FreeBSD V.4} und \emph{Jails}",
  howpublished = "über Website \url{https://www.freebsd.org/releases/4.0R/notes.html} , aufgerufen am 19.01.2016"
}

@misc{solaris,
  title = "Homepage \emph{Solaris} Betriebssystem",
  howpublished = "über Website \url{http://www.oracle.com/de/products/servers-storage/solaris/solaris11/overview/index.html} , aufgerufen am 18.01.2016"
}

@misc{zones,
  title = "Übersicht zu \emph{Solaris} \emph{Zones}",
  howpublished = "über Website \url{https://docs.oracle.com/cd/E24841_01/html/E24034/gavhc.html} , aufgerufen am 18.01.2016"
}

@misc{zonesReleasenotes,
  title = "Release Notes von \emph{Solaris 10}",
  howpublished = "über Website \url{https://docs.oracle.com/cd/E19253-01/pdf/817-0552.pdf} , aufgerufen am 19.01.2016"
}

@misc{googleTrends,
  title = "Google Trends der Suchbegriffe \emph{Docker}, \emph{Virtualization} und \emph{LXC}",
  howpublished = "ber Website \url{https://www.google.de/trends/explore#q=docker%2C virtualization%2C lxc} , aufgerufen am 19.01.2016"
}



@misc{dockerUnderstandingDocker,
  title = "Docker Docs - Understanding the architecture",
  howpublished = "über Website \url{https://docs.docker.com/engine/introduction/understanding-docker/} , aufgerufen am 14.01.2016"
}

@misc{dockerRegistry,
  title = "Docker Docs - Registry",
  howpublished = "über Website \url{https://docs.docker.com/registry/} , aufgerufen am 18.01.2016"
}

@misc{dockerHub,
  title = "Docker Hub - Explore",
  howpublished = "über Website \url{https://hub.docker.com/explore/} , aufgerufen am 15.01.2016"
}

@misc{dockerPull,
  title = "Docker Documentation für den Befehl \texttt{docker pull}",
  howpublished = "über Website \url{https://docs.docker.com/engine/reference/commandline/pull/} , aufgerufen am 21.01.2016"
}

@misc{dockerImages,
  title = "Docker Documentation für den Befehl \texttt{docker images}",
  howpublished = "über Website \url{https://docs.docker.com/engine/reference/commandline/images/} , aufgerufen am 21.01.2016"
}

@misc{dockerHubNginx,
  title = "Offizielles Repository des Webservers Nginx",
  howpublished = "über Website \url{https://hub.docker.com/_/nginx/} , aufgerufen am 11.01.2016"
}

@misc{dockerHykes,
  title = "Offizieller Twitter-Account des Docker-Gründers, Solomon Hykes",
  howpublished = "über Website \url{https://twitter.com/solomonstre} , aufgerufen am 18.01.2016"
}

@misc{dockerCompany,
  title = "About Docker",
  howpublished = "über Website \url{https://www.docker.com/company} , aufgerufen am 18.01.2016"
}

@misc{dockerImagelayers,
  title = "Imagelayers of three different Docker Images",
  howpublished = "über Website \url{https://imagelayers.io/?images=redis:3.0.6,nginx:1.9.9,centos:centos7.2.1511} , aufgerufen am 21.01.2016"
}

@misc{dockerDockerfileDocs,
  title = "Offizielle Dockerfile Dokumentation",
  howpublished = "über Website \url{https://docs.docker.com/engine/reference/builder/#expose} , aufgerufen am 22.01.2016"
}

@misc{cgroupsRedhat,
  title = "Chapter 1. Introduction to Control Groups (Cgroups)",
  howpublished = "über Website \url{https://access.redhat.com/documentation/en-US/Red_Hat_Enterprise_Linux/6/html/Resource_Management_Guide/ch01.html} , aufgerufen am 27.01.2016"
}


@misc{voltdb,
  title = "VoltDB Homepage",
  howpublished = "über Website \url{https://voltdb.com/} , aufgerufen am 18.01.2016"
}

@misc{voltdbBenchmark,
  title = "Softlayer Benchmark, Data Sheet",
  howpublished = "über Website \url{https://voltdb.com/sites/default/files/voltdb_softlayer_benchmark_0.pdf} , aufgerufen am 14.01.2016"
}

@misc{devops,
  title = "DevOps in Unternehmen etablieren - Ein Ziel, ein Team, gemeinsamer Erfolg",
  author = "Jürgen Rühling",
  year = "2013",
  month = "December",
  howpublished = "über Website \url{http://www.heise.de/developer/artikel/DevOps-in-Unternehmen-etablieren-2061738.html} , aufgerufen am 18.01.2016"
}

@misc{multitenant,
  title = "Multi-Tenant Data Architecture",
  howpublished = "über Website \url{https://msdn.microsoft.com/en-us/library/aa479086.aspx} , aufgerufen am 19.01.2016"
}

@misc{cloud,
  title = "Was bedeutet Public, Private und Hybrid Cloud?",
  howpublished = "über Website \url{http://www.cloud.fraunhofer.de/de/faq/publicprivatehybrid.html} , aufgerufen am 19.01.2016"
}
