% online quellen: misc
% einfache Artikel, Journal-Artikel: article
% alle Buecher: book
% Handbuecher, Docs: manual

% BOOKS
@book{dockerBook,
  title  = "The Docker Book",
  author = "James Turnbull",
  year   = "2014",
  edition = "1.2.0"
}

$ ARTICLES
@article{containerVirtPerformance,
  title  = "Performance Evaluation of Container-based Virtualization for High Performance Computing Environements",
  author = "Miguel G. Xavier and Marcelo V. Neves and Fabio D. Rossi and Tiago C. Ferreto and Timoteo Lange and Cesar A. F. De Rose",
  journal    = "IEEE PDP 2013",
  year   = "2012"
}

@article{dockerIntroIEEE,
  title = "Docker",
  author = "Charles Anderson",
  journal = "IEEE Software",
  year = "2015"
}

@article{dockerLXCKub,
  title = "Docker",
  author = "Charles Anderson",
  journal = "IEEE Software",
  year = "2015"
}
