@manual{Senn2009,
  title  = "abla",
  author = "asdf",
  url    = "http://www.docker.com",
  year   = "2015 (accessed December 18, 2015)"
}
