%%%%%%%%%%%%%%%%%%%%%%%%%%%%%%%%%%%%%%%%%%%%
% BIBLIOGRAPHY - PART books,papers,manuals %
%%%%%%%%%%%%%%%%%%%%%%%%%%%%%%%%%%%%%%%%%%%%

% online quellen, Praesentationen, Slides: misc
% einfache Artikel, Journal-Artikel: article
% alle Buecher: book
% Handbuecher, Docs: manual

% BOOKS
% pages = "175-191"
@book{tanenbaumOS,
  title     = "Moderne Betriebssysteme",
  author    = "Andrew S. Tanenbaum",
  year      = "2009",
  publisher = "Pearson Studium",
  edition   = "3",
  isbn      = "3827373425"
}

@book{mandlOS,
  title     = "Grundkurs Betriebssysteme",
  author    = "Peter Mandl",
  year      = "2014",
  publisher = "Springer",
  edition   = "4",
  isbn      = "3658062170"
}

@book{CISSP,
  title     = "CISSP - Certified Information Systems Security Professional",
  author    = "Mike Meyers and Shon Harris",
  year      = "2009",
  publisher = "Springer",
  edition   = "3",
  isbn      = "3826655388"
}

@book{SELinuxApparmor,
  title     = "SELinux \& AppArmor",
  author    = "Ralf Spenneberg",
  year      = "2008",
  publisher = "Addison-Wesley",
  edition   = "1",
  isbn      = "3827323637"
}

@book{linuxMagazineSec,
  title     = "Security - IT-Sicherheit unter Linux von A bis Z",
  editor    = "Stefan Fischer et al",
  year      = "2008",
  publisher = "Linux Magazine",
  isbn      = "3939551126"
}

@book{linuxInterface,
  title     = "The Linux Programming Interface - A Linux and UNIX System Programming Handbook",
  author    = "Michael Kerrisk",
  year      = "2010",
  publisher = "No Starch Press",
  isbn      = "1593272200"
}

@book{dockerBook,
  title   = "The Docker Book",
  author  = "James Turnbull",
  year    = "2014",
  month   = "September",
  edition = "1.2.0"
}

% Maybe insert "IT Nordic Conference Paper" here
@conference{nordicITConf,
  author = "",
  editor = "",
  title = "",
  booktitle = "",
  year = "",
  packages = "",
  month = "",
  organization = "",
  publisher = ""
}

$ ARTICLES (auch Papers hier?)
@article{containerVirtPerformance,
  title   = "Performance Evaluation of Container-based Virtualization for High Performance Computing Environements",
  author  = "Miguel G. Xavier and Marcelo V. Neves and Fabio D. Rossi and Tiago C. Ferreto and Timoteo Lange and Cesar A. F. De Rose",
  journal = "IEEE PDP 2013",
  year    = "2012"
}

@article{dockerIntroIEEE,
  title   = "Docker",
  author  = "Charles Anderson",
  journal = "IEEE Software",
  year    = "2015"
}

@article{dockerLXCKub,
  title   = "Containers and Cloud: From LXC to Docker to Kubnernetes",
  author  = "David Bernstein",
  journal = "IEEE Cloud Computing",
  month   = "September",
  year    = "2014"
}

@article{virtVSContainer,
  title   = "Virtualization vs Containerization to support PaaS",
  author  = "Rajdeep Duo and A Reddy Raja and Dharmesh Kakadia",
  journal = "IEEE International Conference on Cloud Engineering",
  year    = "2014"
}

@article{dockerLXCKub,
  title   = "Containers and Cloud: From LXC to Docker to Kubernetes",
  author  = "David Bernstein",
  journal = "IEEE Cloud Computing - Cloud Tidbits Column",
  month   = "September",
  year    = "2014"
}

% TECHREPORTS
@techreport{dockerMAC,
  title       = "DockerPolicyModules: Mandatory Access Control for Docker Containers",
  author      = "Enrico Bacis and Simone Mutti and Steven Capelli and Stefano Paraboschi",
  institution = "DIGIP, University of Bergamo, Italy",
  year        = "2015"
}

@techreport{dockerSec1,
  title       = "Analysis of Docker Security",
  author      = "Thanh Bui",
  institution = "Aalto Univerity School of Science",
  month       = "January",
  year        = "2015"
}

% extracted from Nordic IT Security Conference PDF (virtSec....pdf)
@techreport{dockerSec2,
  title       = "Security of OS-Level virtualization technologies",
  author      = "Elena Reshetova and Janne Karhunen and Thomas Nyman and N. Asokan",
  institution = "Intel OTC Finland, Ericsson Finland, Univerisity of Helsinki, Aalto Univeristy Finland",
  month       = "July",
  year        = "2014"
}

@techreport{IBMcontVMcomparison,
  title       = "IBM Research Report - An Updated Performance Comparison of Virtual Machines and Linux Containers",
  author      = "Wes Felter and Alexandre Ferreira and Ram Rajamony and Juan Rubio",
  institution = "IBM Research Divison - Austin Research Laboratory",
  month       = "July",
  year        = "2014"
}

@techreport{IBMcheckpointRestart,
  title       = "Virtual Servers and Checkpoint/Restart in Mainstream Linux",
  author      = "Sukadev Bhattiprolu and Eric W. Biederman and Serge Hallyn and Daniel Lezcano",
  institution = "IBM and Arastra",
  month       = "July",
  year        = "2008"
}

@techreport{LSMFramework,
  title       = "Linux Security Module Framework",
  author      = "Chris Wright and Crispin Cowan and James Morris and Stephen Smalley and Greg Kroah-Hartman",
  institution = "WireX Communications, Inc. and Intercode Pty Ltd and NAI Labs and IBM Linux Technology Center",
  month       = "June",
  year        = "2002"
}


% MANUAL (Handbücher,...)
@manual{bsiVirt,
  title       = "IT-Grundschutz-Katalog B 3.304 Virtualisierung",
  author      = "Bundesamt für Sicherheit in der Informationstechnik",
  year        = "2011"
}
