%%%%%%%%%%%%%%%%%%%%%%%%%%%%%%%%%%%%%%%%%%%%
% BIBLIOGRAPHY - PART web : homepages      %
%%%%%%%%%%%%%%%%%%%%%%%%%%%%%%%%%%%%%%%%%%%%

@misc{runC,
  title = {Homepage runC},
  url = {https://runc.io/},
	urldate = {2016-01-21}
}

@misc{amazonWebServices,
  title = {Homepage Amazon Web Services},
  url = {https://aws.amazon.com/de/},
	urldate = {2016-01-14}
}

@misc{openvz,
  title = {Homepage OpenVZ},
  url = {http://openvz.org/Main_Page},
	urldate = {2016-01-18}
}

@misc{xen,
  title = {Homepage XEN Hypervisor},
  url = {http://www.xenproject.org/},
	urldate = {2016-01-18}
}

@misc{vmwareESXi,
  title = {Homepage VMware ESXi Hypervisor},
  url = {https://www.vmware.com/de/products/esxi-and-esx/overview},
	urldate = {2016-01-18}
}

@misc{kvm,
  title = {Homepage KVM Hypervisor und Virtualisierungslösung},
  url = {http://www.linux-kvm.org/page/Main_Page},
	urldate = {2016-01-18}
}

@misc{hyperv,
  title = {Überblick Hyper-V Hypervisor von Microsoft},
  url = {https://technet.microsoft.com/library/hh831531.aspx},
	urldate = {2016-01-18}
}

@misc{solaris,
  title = {Homepage Solaris Betriebssystem},
  url = {http://www.oracle.com/de/products/servers-storage/solaris/solaris11/overview/index.html},
	urldate = {2016-01-18}
}

@misc{voltdb,
  title = {Homepage VoltDB},
  url = {https://voltdb.com/},
	urldate = {2016-01-18}
}

@misc{tufFramework,
  title = {Homepage The Update Framework},
  url = {https://theupdateframework.github.io/},
	urldate = {2016-02-24}
}

@misc{twistlock,
  title = {Homepage Twistlock},
  url = {https://www.twistlock.com/},
  urldate = {2016-02-26}
}

@misc{kerberos,
  title = {Homepage Kerberos},
  url = {http://web.mit.edu/kerberos/},
  urldate = {2016-02-26}
}

@misc{grsecurity,
  title = {Homepage grsecurity},
  url = {https://grsecurity.net/},
	urldate = {2016-02-25}
}

@misc{kubernetes,
  title = {Homepage Kubernetes},
  url = {http://kubernetes.io/},
	urldate = {2016-03-20}
}

@misc{shipyard,
  title = {Homepage Shipyard-Projekt},
  url = {https://shipyard-project.com/},
	urldate = {2016-03-20}
}
