%%%%%%%%%%%%%%%%%%%%%%%%%%%%%%%%%%%%%%%%%%%%
% BIBLIOGRAPHY - PART web : misc           %
%%%%%%%%%%%%%%%%%%%%%%%%%%%%%%%%%%%%%%%%%%%%

@misc{dockerSecIntro,
  title = "Introduction to Docker Security",
  author = "Docker",
  year = "2015",
  month = "March",
  howpublished = "über Website \url{https://www.docker.com/sites/default/files/WP_Intro%20to%20container%20security_03.20.2015%20%281%29.pdf} , aufgerufen am 18.01.2016"
}

@misc{presContainerDockerSec,
  title = "Containers, Docker, and Security: State of the Union",
  author = "Jérôme Petazzoni",
  year = "2015",
  month = "October",
  howpublished = "über Website \url{http://de.slideshare.net/jpetazzo/containers-docker-and-security-state-of-the-union-bay-area-infracoders-meetup} , aufgerufen am 22.12.2015"
}

@misc{bsiVirtGoldeneRegeln,
  title = "Goldene Regeln Baustein B 3.304 Virtualisierung",
  author = "Bundesamt für Sicherheit in der Informationstechnik",
  year = "2011",
  howpublished = "über Website \url{https://www.bsi.bund.de/SharedDocs/Downloads/DE/BSI/Grundschutz/Download/IT-GS-Bausteine/Virtualisierung/Goldene-Regeln-Virtualisierung.pdf?__blob=publicationFile} , aufgerufen am 22.12.2015"
}

@misc{slideshareDockercon15,
  title = "Slides of Keynote at DockerCon in San Francisco - Day 2",
  howpublished = "über Website \url{de.slideshare.net/Docker/dockercon-15-keynote-day-2/16} , aufgerufen am 11.01.2016"
}


@misc{chroot,
  title = "Linux manual page \texttt{chroot}",
  howpublished = "über Website \url{https://www.freebsd.org/doc/de_DE.ISO8859-1/books/handbook/jails-intro.html} , aufgerufen am 18.01.2016"
}

@misc{jails,
  title = "\emph{FreeBSD} Einführung in \emph{Jails}",
  howpublished = "über Website \url{https://www.freebsd.org/doc/de_DE.ISO8859-1/books/handbook/jails-intro.html} , aufgerufen am 18.01.2016"
}

@misc{jailsReleasenotes,
  title = "Release Notes von \emph{FreeBSD V.4} und \emph{Jails}",
  howpublished = "über Website \url{https://www.freebsd.org/releases/4.0R/notes.html} , aufgerufen am 19.01.2016"
}

@misc{zones,
  title = "Übersicht zu \emph{Solaris} \emph{Zones}",
  howpublished = "über Website \url{https://docs.oracle.com/cd/E24841_01/html/E24034/gavhc.html} , aufgerufen am 18.01.2016"
}

@misc{zonesReleasenotes,
  title = "Release Notes von \emph{Solaris 10}",
  howpublished = "über Website \url{https://docs.oracle.com/cd/E19253-01/pdf/817-0552.pdf} , aufgerufen am 19.01.2016"
}

@misc{googleTrends,
  title = "Google Trends der Suchbegriffe \emph{Docker}, \emph{Virtualization} und \emph{LXC}",
  howpublished = "ber Website \url{https://www.google.de/trends/explore#q=docker%2C virtualization%2C lxc} , aufgerufen am 19.01.2016"
}

@misc{dockerHykes,
  title = "Offizieller Twitter-Account des Docker-Gründers, Solomon Hykes",
  howpublished = "über Website \url{https://twitter.com/solomonstre} , aufgerufen am 18.01.2016"
}

@misc{dockerImagelayers,
  title = "Imagelayers of three different Docker Images",
  howpublished = "über Website \url{https://imagelayers.io/?images=redis:3.0.6,nginx:1.9.9,centos:centos7.2.1511} , aufgerufen am 21.01.2016"
}

@misc{cgroupsRedhat,
  title = "Chapter 1. Introduction to Control Groups (Cgroups)",
  howpublished = "über Website \url{https://access.redhat.com/documentation/en-US/Red_Hat_Enterprise_Linux/6/html/Resource_Management_Guide/ch01.html} , aufgerufen am 27.01.2016"
}

@misc{cgroupsFixing,
  title = "Fixing control groups",
  howpublished = "über Website \url{https://lwn.net/Articles/484251/} , aufgerufen am 27.01.2016"
}
@misc{cgroupsUniHierarchy,
  title = "The unified control group hierarchy in 3.16",
  howpublished = "über Website \url{https://lwn.net/Articles/601840/} , aufgerufen am 27.01.2016"
}
@misc{cgroupsUniHierarchyDoc,
  title = "Cgroup unified hierarchy - Documentation/cgroups/unified-hierarchy.txt",
  howpublished = "über Website \url{https://lwn.net/Articles/601923/} , aufgerufen am 27.01.2016"
}


@misc{namespaces,
  title = "Linux Programmer's Manual - NAMESPACES(7)",
  howpublished = "über Website \url{http://man7.org/linux/man-pages/man7/namespaces.7.html} , aufgerufen am 28.01.2016"
}
@misc{nsUser,
  title = "Linux Programmer's Manual - USER\_NAMESPACES(7)",
  howpublished = "über Website \url{http://man7.org/linux/man-pages/man7/user_namespaces.7.html} , aufgerufen am 28.01.2016"
}
@misc{nsUserGolangBug,
  title = "Google Code Archive - go issue \#8447",
  year = "2014",
  howpublished = "ber Website \url{https://code.google.com/archive/p/go/issues/8447} , aufgerufen am 28.01.2016"
}
@misc{nsUserContainerCon,
  title = "Rooting out Root: User namespaces in Docker",
  author = "Phil Estes",
  year = "2015",
  howpublished = "über Website \url{http://events.linuxfoundation.org/sites/events/files/slides/User%20Namespaces%20-%20ContainerCon%202015%20-%2016-9-final_0.pdf} , aufgerufen am 28.01.2016"
}

@misc{SELinuxComic,
  title = "Your visual how-to guild for SELinux policy enforcement",
  author = "Daniel J. Walsh (RedHat)",
  year = "2013",
  month = "November",
  howpublished = "über Website \url{https://opensource.com/business/13/11/selinux-policy-guide} , aufgerufen am 01.02.2016"
}

@misc{LSMDesign,
  title = "LSM Design: Mediate Access to Kernel Objects",
  author = "Chris Wright",
  year = "2002",
  month = "May",
  howpublished = "über Website \url{https://www.usenix.org/legacy/event/sec02/full_papers/wright/wright_html/node3.html} , aufgerufen am 01.02.2016"
}

@misc{LSMUsing,
  title = "Using the Kernel Security Module Interface",
  author = "Greg Kroah-Hartman",
  year = "2002",
  month = "October",
  howpublished = "über Website \url{http://www.linuxjournal.com/article/6279?page=0,2} , aufgerufen am 01.02.2016"
}

@misc{redhatSec,
  title = "Virtualization Security Guide - Chapter 4. SVIRT",
  howpublished = "über Website \url{https://access.redhat.com/documentation/en-US/Red_Hat_Enterprise_Linux/7/html/Virtualization_Security_Guide/chap-Virtualization_Security_Guide-sVirt.html#sect-Virtualization_Security_Guide-sVirt-Introduction} , aufgerufen am 01.02.2016"
}

@misc{linuxSecOverview,
  title = "Overview of Linux Kernel Security Features",
  year = "2013",
  month = "July",
  howpublished = "über Website \url{https://www.linux.com/learn/docs/727873-overview-of-linux-kernel-security-features/} , aufgerufen am 01.02.2016"
}

@misc{seccompGitDesc,
  title = "Kernel Documentation: SECure COMPuting with filters",
  howpublished = "über Website \url{http://git.kernel.org/cgit/linux/kernel/git/torvalds/linux.git/tree/Documentation/prctl/seccomp_filter.txt} , aufgerufen am 01.02.2016"
}



@misc{freeBsdRCTL,
  title = "FreeBSD - Hierarchical Resource Limits",
  howpublished = "über Website \url{https://wiki.freebsd.org/Hierarchical_Resource_Limits} , aufgerufen am 27.01.2016"
}

@misc{voltdbBenchmark,
  title = "Softlayer Benchmark, Data Sheet",
  howpublished = "über Website \url{https://voltdb.com/sites/default/files/voltdb_softlayer_benchmark_0.pdf} , aufgerufen am 14.01.2016"
}

@misc{devops,
  title = "DevOps in Unternehmen etablieren - Ein Ziel, ein Team, gemeinsamer Erfolg",
  author = "Jürgen Rühling",
  year = "2013",
  month = "December",
  howpublished = "über Website \url{http://www.heise.de/developer/artikel/DevOps-in-Unternehmen-etablieren-2061738.html} , aufgerufen am 18.01.2016"
}

@misc{multitenant,
  title = "Multi-Tenant Data Architecture",
  howpublished = "über Website \url{https://msdn.microsoft.com/en-us/library/aa479086.aspx} , aufgerufen am 19.01.2016"
}

@misc{cloud,
  title = "Was bedeutet Public, Private und Hybrid Cloud?",
  howpublished = "über Website \url{http://www.cloud.fraunhofer.de/de/faq/publicprivatehybrid.html} , aufgerufen am 19.01.2016"
}

@misc{softHardLimits,
  title = "Soft Limits and Hard Limits",
  howpublished = "über Website \url{https://docs.oracle.com/cd/E19455-01/805-7229/sysresquotas-1/index.html} , aufgerufen am 28.01.2016"
}
