%%%%%%%%%%%%%%%%%%%%%%%%%%%%%%%%%%%%%%%%%%%%
% BIBLIOGRAPHY - PART web : docker         %
%%%%%%%%%%%%%%%%%%%%%%%%%%%%%%%%%%%%%%%%%%%%

@misc{dockerSecIntro,
  title = {Introduction to Docker Security},
  year = {2015},
  month = {März},
  url = {https://www.docker.com/sites/default/files/WP_Intro%20to%20container%20security_03.20.2015%20%281%29.pdf},
	urldate = {2016-01-18}
}

@misc{dockerLibcontainer,
  title = {Docker 0.9: Introducing execution drivers and libcontainer},
  author = {Solomon Hykes},
  year = {2014},
  month = {März},
  url = {https://blog.docker.com/2014/03/docker-0-9-introducing-execution-drivers-and-libcontainer/},
	urldate = {2016-01-21}
}

@misc{dockerOCP,
  title = {Docker and Broad Industry Coalition Unite to Create Open Container Project},
  author = {Ben Golub},
  year = {2015},
  month = {Juni},
  url = {http://blog.docker.com/2015/06/open-container-project-foundation/},
	urldate = {2016-01-21}
}

@misc{dockerRunC,
  title = {Introducing runC: a lightweight universal container runtime},
  author = {Solomon Hykes},
  year = {2015},
  month = {Juni},
  url = {http://blog.docker.com/2015/06/runc/},
	urldate = {2016-01-21}
}

@misc{dockerWindowsSupport,
  title = {Introducing the Technical Preview of Docker Engine for Windows Server 2016},
  author = {Arnaud Porterie},
  year = {2015},
  month = {August},
  url = {https://blog.docker.com/2015/08/tp-docker-engine-windows-server-2016/},
	urldate = {2016-01-22}
}

@misc{docker110,
  title = {Docker 1.10: New Compose file, improved security, networking and much more!},
  year = {2016},
  month = {Februar},
  url = {https://blog.docker.com/2016/02/docker-1-10/},
	urldate = {2016-02-05}
}

@misc{docker110Security,
  title = {Docker Engine 1.10 Security Improvements},
  author = {Jessie Frazelle},
  year = {2016},
  month = {Februar},
  url = {http://blog.docker.com/2016/02/docker-engine-1-10-security/},
	urldate = {2016-02-05}
}

@misc{dockerUnderstandingDocker,
  title = {Docker Docs - Understanding the architecture},
  url = {https://docs.docker.com/engine/introduction/understanding-docker/},
	urldate = {2016-01-14}
}

@misc{dockerImagesAndContainers,
  title = {Docker Docs - Understand images, containers, and storage drivers},
  url = {https://docs.docker.com/engine/userguide/storagedriver/imagesandcontainers/},
	urldate = {2016-03-17}
}

@misc{dockerNetworking,
  title = {Understand Docker container networks},
  url = {https://docs.docker.com/engine/userguide/networking/dockernetworks/},
	urldate = {2016-03-10}
}

@misc{dockerRegistry,
  title = {Docker Docs - Registry},
  url = {https://docs.docker.com/registry/},
	urldate = {2016-01-18}
}

@misc{dockerHub,
  title = {Docker Hub - Explore},
  url = {https://hub.docker.com/explore/},
	urldate = {2016-01-15}
}

@misc{dockerPull,
  title = {Docker Documentation für den Befehl \texttt{docker pull}},
  url = {https://docs.docker.com/engine/reference/commandline/pull/},
	urldate = {2016-01-21}
}

@misc{dockerRun,
  title = {Docker Documentation für den Befehl \texttt{docker run}},
  url = {https://docs.docker.com/engine/reference/run/},
	urldate = {2016-03-18}
}

@misc{dockerImages,
  title = {Docker Documentation für den Befehl \texttt{docker images}},
  url = {https://docs.docker.com/engine/reference/commandline/images/},
	urldate = {2016-01-21}
}

@misc{dockerMetrics,
  title = {Docker Documentation - Runtime metrics},
  url = {https://docs.docker.com/engine/articles/runmetrics/},
	urldate = {2016-01-27}
}

@misc{dockerSecurity,
  title = {Docker Documentation - Security},
  url = {https://docs.docker.com/engine/security/security/},
	urldate = {2016-02-24}
}
@misc{dockerSecurityHTTPS,
  title = {Docker Documentation - Protect the Docker daemon socket},
  url = {https://docs.docker.com/engine/security/https/},
	urldate = {2016-02-24}
}

@misc{dockerSecurityPortal,
  title = {Docker Security Portal},
  url = {https://www.docker.com/docker-security},
	urldate = {2016-02-28}
}
@misc{dockerCVEList,
  title = {Docker CVE Database},
  url = {https://www.docker.com/docker-cve-database},
	urldate = {2016-02-28}
}

@misc{dockerHubNginx,
  title = {Offizielles Docker Hub-Repository des Webservers Nginx},
  url = {https://hub.docker.com/_/nginx/},
	urldate = {2016-01-11}
}
@misc{dockerHubPostgres,
  title = {Offizielles Docker Hub-Repository der Datenbank Postgres},
  url = {https://hub.docker.com/_/postgres/},
	urldate = {2016-03-02}
}

@misc{dockerCompany,
  title = {About Docker},
  url = {https://www.docker.com/company},
	urldate = {2016-01-18}
}

@misc{dockerDockerfileDocs,
  title = {Offizielle Dockerfile Dokumentation},
  url = {https://docs.docker.com/engine/reference/builder/#expose},
	urldate = {2016-01-22}
}

@misc{dockerStorageDriver,
  title = {Docker Registry Storage Driver},
  url = {https://docs.docker.com/registry/storagedrivers/},
	urldate = {2016-02-24}
}

@misc{dockerStorageDriverS3,
  title = {S3 storage driver},
  url = {https://docs.docker.com/registry/storage-drivers/s3/},
	urldate = {2016-02-24}
}

@misc{dockerStorageDriverAzure,
  title = {Microsoft Azure storage driver},
  url = {https://docs.docker.com/registry/storage-drivers/azure/},
	urldate = {2016-02-24}
}

@misc{dockerStorageDriverSwift,
  title = {OpenStack Swift storage driver},
  url = {https://docs.docker.com/registry/storage-drivers/swift/},
	urldate = {2016-02-24}
}

@misc{dockerRegistryMirror,
  title = {Registry as a pull through cache},
  url = {https://docs.docker.com/registry/mirror/},
	urldate = {2016-02-23}
}

@misc{dockerContentTrust,
  title = {Introducing Docker Content Trust},
  author = {Diogo Mónica},
  year = {2015},
  month = {August},
  url = {https://blog.docker.com/2015/08/content-trust-docker-1-8/},
	urldate = {2016-02-24}
}

@misc{dockerPlugins,
  title = {Extending Docker with Plugins},
  author = {Adam Herzog},
  year = {2015},
  month = {Juni},
  url = {https://blog.docker.com/2015/06/extending-docker-with-plugins/},
  urldate = {2016-02-26}
}

@misc{dockerManageDataContainers,
  title = {Manage data in containers},
  url = {https://docs.docker.com/engine/userguide/containers/dockervolumes/},
	urldate = {2016-03-10}
}

@misc{dockerMachineOverview,
  title = {Docker Machine Overview},
  url = {https://docs.docker.com/machine/overview/},
	urldate = {2016-03-08}
}

@misc{dockerMachineOverviewCloud,
  title = {Use Docker Machine to provision hosts on cloud providers},
  url = {https://docs.docker.com/machine/get-started-cloud/},
	urldate = {2016-03-08}
}

@misc{dockerMachineDriverGeneric,
  title = {Docker Machine Driver - Generic},
  url = {https://docs.docker.com/machine/drivers/generic/},
	urldate = {2016-03-08}
}

@misc{dockerMachineDriverAzure,
  title = {Docker Machine Driver - Microsoft Azure},
  url = {https://docs.docker.com/machine/drivers/azure/},
	urldate = {2016-03-08}
}

@misc{dockerMachineDriverSoftlayer,
  title = {Docker Machine Driver - Microsoft Azure},
  url = {https://docs.docker.com/machine/drivers/soft-layer/},
	urldate = {2016-03-08}
}

@misc{dockerMachineDriverOpenStack,
  title = {Docker Machine Driver - OpenStack},
  url = {https://docs.docker.com/machine/drivers/openstack/},
	urldate = {2016-03-08}
}

@misc{dockerCAAS,
  title = {Containers as a Service (CaaS) as your new platform for application development and operations},
  author = {Betty Junod},
  year = {2016},
  month = {Februar},
  url = {https://blog.docker.com/2016/02/containers-as-a-service-caas/},
	urldate = {2016-03-08}
}

@misc{dockerPartnershipMicrosoft,
  title = {Partner Portal - Docker and Microsoft},
  url = {https://www.docker.com/microsoft},
	urldate = {2016-03-08}
}
@misc{dockerPartnershipIBM,
  title = {Partner Portal - Docker Subscription with IBM},
  url = {https://www.docker.com/IBM},
	urldate = {2016-03-08}
}

@misc{dockerAurora,
  title = {The Dawn of the Orchestration-for-All Era: Docker welcomes the creators of the Aurora project},
  author = {Solomon Hykes},
  year = {2015},
  month = {März},
  url = {https://blog.docker.com/2016/03/docker-welcomes-aurora-project-creators/},
	urldate = {2016-03-20}
}

@misc{dockerUnikernel,
  title = {Unikernel Systems Joins Docker},
  author = {Mano Marks},
  year = {2016},
  month = {Januar},
  url = {https://blog.docker.com/2016/01/unikernel/},
	urldate = {2016-03-20}
}
