%%%%%%%%%%%%%%%%%%%%%%%%%%%%%%%%%%%%%%%%%%%%
% BIBLIOGRAPHY - PART web : github         %
%%%%%%%%%%%%%%%%%%%%%%%%%%%%%%%%%%%%%%%%%%%%

@misc{githubDocker,
  title = {GitHub Repository der Docker Engine},
  url = {https://github.com/docker/docker},
	urldate = {2016-01-11}
}
@misc{githubDockerContribution,
  title = {Contribution Guidelines for Docker},
  url = {https://github.com/docker/docker/blob/64e8fa9199fb345e017c8ef5299ca69cee01ab4c/CONTRIBUTING.md},
	urldate = {2016-02-28}
}

@misc{githubDockerfileNginx,
  title = {Offizielles Dockerfile für Nginx Webserver},
  author = {Pilwon Huh et al},
  url = {https://github.com/dockerfile/nginx/blob/d5d34a100d01b2d27d0fa1662854fbe3b05325aa/Dockerfile},
	urldate = {2016-01-27}
}

@misc{githubRunCCgroups,
  title = {GitHub Repository der Cgroups-Implementierung von runC},
  url = {https://github.com/opencontainers/runc/tree/master/libcontainer/cgroups/fs},
	urldate = {2016-01-27}
}

@misc{githubDockerIssueFsQuota,
  title = {Add quota support for storage backends \#3804},
  url = {https://github.com/docker/docker/issues/3804},
	urldate = {2016-01-28}
}

@misc{githubDockerPullBrtfs,
  title = {Add disk quota support for btrfs \#19651},
  url = {https://github.com/docker/docker/pull/19651},
	urldate = {2016-01-28}
}

@misc{githubDockerChangelog,
  title = {GitHub Repository CHANGELOG von Docker},
  url = {https://github.com/docker/docker/blob/master/CHANGELOG.md},
	urldate = {2016-02-05}
}

@misc{githubDockerRoadmap,
  title = {GitHub Repository ROADMAP von Docker},
  url = {https://github.com/docker/docker/blob/master/ROADMAP.md},
  urldate = {2016-03-15}
}

@misc{githubDockerGlossary,
  title = {GitHub Repository Glossar von Docker},
  url = {https://github.com/docker/distribution/blob/master/docs/glossary.md},
	urldate = {2016-01-21}
}

@misc{dockerRunCGithub,
  title = {GitHub Repository von \emph{runC}},
  url = {https://github.com/opencontainers/runc},
	urldate = {2016-01-21}
}

@misc{githubUserNamespaceProposal,
  title = {Proposal: Support for user namespaces \#7906},
  url = {https://github.com/docker/docker/issues/7906},
	urldate = {2016-01-28}
}
@misc{githubUserNamespaceIntegration,
  title = {Phase 1 implementation of user namespaces as a remapped container root \#12648},
  url = {https://github.com/docker/docker/pull/12648},
	urldate = {2016-01-28}
}
@misc{githubUserNamespaceConflict,
  title = {User namespaces - Phase 1 \#15187},
  url = {https://github.com/docker/docker/issues/15187},
	urldate = {2016-01-28}
}

@misc{githubCgroupsUniHierNotSupported,
  title = {Docker does not run with unified cgroup hierarchy \#16238},
  url = {https://github.com/docker/docker/issues/16238},
	urldate = {2016-03-10}
}

@misc{githubCgroupPID,
  title = {Add PIDs cgroup support to Docker \#18697},
  author = {Aleksa Sarai},
  year = {2015},
  month = {Dezember},
  url = {https://github.com/docker/docker/pull/18697},
	urldate = {2016-03-17}
}


@misc{githubGeneralSecProfiles,
  title = {Docker Security Profiles (seccomp, apparmor, etc) \#17142},
  author = {Jessie Frazelle},
  year = {2015},
  month = {November},
  url = {https://github.com/docker/docker/issues/17142#issuecomment-148974642},
  urldate = {2016-03-15}
}

@misc{githubCapabilities,
  title = {Standard-Capabilities von Docker},
  url = {https://github.com/docker/docker/blob/master/daemon/execdriver/native/template/default_template_linux.go},
	urldate = {2016-02-17}
}

@misc{githubSELinuxPolicyIssue,
  title = {Add docker seliux policy for rpm \#15832},
  url = {https://github.com/docker/docker/pull/15832},
	urldate = {2016-02-03}
}

@misc{githubSELinuxProfile,
  title = {SELinux default policy profile},
  url = {https://github.com/docker/docker/tree/master/contrib/docker-engine-selinux},
	urldate = {2016-02-03}
}

@misc{githubSELinuxProfileTE,
  title = {SELinux default policy profile - docker.te},
  url = {https://github.com/docker/docker/blob/master/contrib/docker-engine-selinux/docker.te},
	urldate = {2016-02-17}
}

@misc{githubAppArmorDoc,
  title = {AppArmor security profiles for Docker},
  url = {https://github.com/docker/docker/blob/master/docs/security/apparmor.md},
	urldate = {2016-02-05}
}

@misc{githubAppArmorProfileContainer,
  title = {AppArmor profile template for containers},
  url = {https://github.com/docker/docker/tree/master/profiles/apparmor},
	urldate = {2016-02-09}
}
@misc{githubAppArmorProfileContainerFix,
  title = {Commit - fix proc regex},
  url = {https://github.com/docker/docker/commit/2b4f64e59018c21aacbf311d5c774dd5521b5352},
	urldate = {2016-02-09}
}

@misc{githubAppArmorProfileDaemon,
  title = {AppArmor profile template for the daemon},
  url = {https://github.com/docker/docker/blob/master/contrib/apparmor/template.go},
	urldate = {2016-02-03}
}

@misc{githubSeccompDoc,
  title = {Seccomp security profiles for Docker},
  url = {https://github.com/docker/docker/blob/master/docs/security/seccomp.md},
	urldate = {2016-02-05}
}
@misc{githubSeccompIntegration,
  title = {Phase 1: Initial seccomp support \#17989},
  url = {https://github.com/docker/docker/pull/17989},
	urldate = {2016-02-05}
}
@misc{githubSeccompProfile,
  title = {Seccomp default profile},
  url = {https://github.com/docker/docker/blob/master/profiles/seccomp/default.json},
  urldate = {2016-02-18}
}
@misc{githubSeccompProfileHistory,
  title = {Commit History - Seccomp default profile},
  url = {https://github.com/docker/docker/commits/37d35f3c280dc27a00f2baa16431d807b24f8b92/daemon/execdriver/native/seccomp_default.go},
	urldate = {2016-02-09}
}

@misc{githubRegistryV1Issues,
  title = {Tarsum insecurity \#9719},
  author = {Jonathan Rudenberg},
  year = {2014},
  month = {Dezember},
  url = {https://github.com/docker/docker/issues/9719},
	urldate = {2016-02-24}
}

@misc{githubImageManifest21,
  title = {Image Manifest Version 2, Schema 1},
  year = {2015},
  month = {Dezember},
  url = {https://github.com/docker/distribution/blob/4c850e7165f4d8d7ea3df2454a2e2a890829d5ce/docs/spec/manifest-v2-1.md},
	urldate = {2016-02-28}
}

@misc{githubImageUUID,
  title = {GitHub Repository - Image UUID Implementation},
  author = {Stephen Day and Arnaud Porterie},
  year = {2015},
  month = {Juli},
  url = {https://github.com/docker/distribution/blob/2c9ab4f441b3e5218e10ef99923d7f86e8494f2c/uuid/uuid.go},
	urldate = {2016-02-28}
}


@misc{githubNotary,
  title = {GitHub Repository - Docker Notary},
  url = {https://github.com/docker/notary},
	urldate = {2016-02-24}
}

@misc{githubPluginList,
  title = {Understanding Engine Plugins},
  year = {2016},
  month = {Februar},
  url = {https://github.com/docker/docker/blob/cc085be7cc19d2d1aed39c243b6990a7d04ee639/docs/extend/plugins.md},
  urldate = {2016-02-26}
}

@misc{githubAuthZDockerAccessControl,
  title = {Docker Access Control},
  author = {Daniel J. Walsh and Matthew Heon},
  url = {https://github.com/rhatdan/docker-rbac},
  urldate = {2016-02-26}
}

@misc{githubAuthZKerberosSupport,
  title = {Adding Kerberos support to Docker \#13697},
  author = {Dima Stopel},
  year = {2015},
  month = {Juni},
  url = {https://github.com/docker/docker/issues/13697#issue-84531039},
  urldate = {2016-02-26}
}

@misc{githubAuthNLaydown,
  title = {Comment on won\'t-fix status of \emph{AuthN} in Issue: Add authentication to the docker daemon \#18514},
  author = {David Calavera},
  year = {2016},
  month = {Februar},
  url = {https://github.com/docker/docker/pull/18514#issuecomment-187942565},
  urldate = {2016-02-26}
}

@misc{githubAuthZDraft,
  title = {User access control in Docker daemon \#14674},
  author = {Dima Stopel},
  year = {2015},
  month = {Juli},
  url = {https://github.com/docker/docker/issues/14674#issue-95409105},
  urldate = {2016-02-26}
}

@misc{githubAuthZExtended,
  title = {Extended Documentation: Create an authorization plugin},
  year = {2016},
  month = {Januar},
  url = {https://github.com/docker/docker/blob/e310d070f498a2ac494c6d3fde0ec5d6e4479e14/docs/extend/authorization.md},
  urldate = {2016-02-26}
}

@misc{githubAuthZJSON,
  title = {JSON-Struktur eines \emph{AuthZ}-Regelwerks},
  author = {Liron Levin},
  year = {2016},
  month = {Januar},
  url = {https://github.com/twistlock/authz/blob/2b67bbbfab9bbc1579ade722dc84c1e3c3440fbb/authz/policy.json},
  urldate = {2016-02-26}
}

@misc{githubAuthZPluginInfrastructure,
  title = {Docker authorization plug-in infrastructure \#15365},
  author = {Liron Levin},
  year = {2015},
  month = {August},
  url = {https://github.com/docker/docker/pull/15365},
	urldate = {2016-03-20}
}

@misc{githubDockerBench,
  title = {GitHub Repository - Docker Bench},
  author = {Diogo Mónica and Thomas Sjögren et al},
  year = {2015},
  month = {Mai},
  url = {https://github.com/docker/docker-bench-security},
	urldate = {2016-03-02}
}

@misc{githubDockerBenchTests,
  title = {Docker Bench tests},
  author = {Diogo Mónica and Thomas Sjögren et al},
  url = {https://github.com/docker/docker-bench-security/tree/master/tests},
	urldate = {2016-03-02}
}

@misc{githubPostgresCredentialCheck,
  title = {Postgres Docker Image - Run script},
  author = {Tianon Gravi et al},
  year = {2016},
  month = {Januar},
  url = {https://github.com/docker-library/postgres/blob/443c7947d548b1c607e06f7a75ca475de7ff3284/9.5/docker-entrypoint.sh},
	urldate = {2016-03-02}
}

@misc{githubKubernetesSecurity,
  title = {Security in Kubernetes},
  author = {Brendan Burns et al},
  year = {2015},
  month = {Dezember},
  url = {https://github.com/kubernetes/kubernetes/blob/2b2f2857771c748f0f0e261f3b8e2ad1627325ce/docs/design/security.md},
	urldate = {2016-03-01}
}

@misc{githubBane,
  title = {README.md of GitHub Repository - Bane},
  author = {Jessie Frazelle et al},
  year = {2016},
  month = {März},
  url = {https://github.com/jfrazelle/bane/blob/bbc594c9dce4351b1175737cb3b4d9ee65803648/README.md},
	urldate = {2016-03-01}
}

@misc{githubBaneTOML,
  title = {Bane - TOML configuration file},
  author = {Thomas Sjögren},
  year = {2015},
  month = {November},
  url = {https://github.com/jfrazelle/bane/blob/0ceb725f531cfb95a82a3586f6318343f3f8d17c/sample.toml},
	urldate = {2016-03-01}
}

@misc{githubBaneAppArmorSample,
  title = {Bane - AppArmor sample file},
  author = {Thomas Sjögren},
  year = {2015},
  month = {November},
  url = {https://github.com/jfrazelle/bane/blob/0ceb725f531cfb95a82a3586f6318343f3f8d17c/docker-nginx-sample},
	urldate = {2016-03-01}
}

@misc{githubAzureVMExtension,
  title = {README.md of GitHub Repository - Azure Virtual Machine Extension for Docker},
  author = {Ahmet Alp Balkan et al},
  year = {2016},
  month = {März},
  url = {https://github.com/Azure/azure-docker-extension/blob/032b0086397155d22f27639aca3b6016b0dfbef4/README.md},
	urldate = {2016-03-08}
}

@misc{githubDockerSlim,
  title = {Readme-Datei von docker-slim},
  url = {https://github.com/cloudimmunity/docker-slim/blob/bfe1202c60ffad5b1ac9abb46e0d557eadfe15e1/README.md},
	urldate = {2016-03-20}
}
